@book{hansen2003tutorial,
  title={A tutorial on variable neighborhood search},
  author={Hansen, Pierre and Mladenovic, Nenad},
  year={2003},
  pages={1-13},
  publisher={Groupe d'{\'e}tudes et de recherche en analyse des d{\'e}cisions, HEC Montr{\'e}al}
}

@article{mladenovic1997variable,
  title={Variable neighborhood search},
  author={Mladenovi{\'c}, Nenad and Hansen, Pierre},
  journal={Computers \& Operations Research},
  volume={24},
  number={11},
  pages={1097--1100},
  year={1997},
  publisher={Elsevier}
}

@article{hansen2001variable,
  title={Variable neighborhood search: Principles and applications},
  author={Hansen, Pierre and Mladenovi{\'c}, Nenad},
  journal={European journal of operational research},
  volume={130},
  number={3},
  pages={449--467},
  year={2001},
  publisher={Elsevier}
}

@article{nilsson2003heuristics,
  title={Heuristics for the traveling salesman problem},
  author={Nilsson, Christian},
  journal={Linkoping University},
  pages={1--6},
  year={2003}
}
